@book{dokazi,
	author = {Martin Aigner and GÃ¼nter M. Ziegler},
	title = {Proofs from THE BOOK},
	year = {2010},
	publisher = {Springer}
}